@book{Giraud2021,
  doi = {10.1201/9781003158745},
  url = {https://doi.org/10.1201/9781003158745},
  year = {2021},
  month = aug,
  publisher = {Chapman and Hall/{CRC}},
  author = {Christophe Giraud},
  title = {Introduction to High-Dimensional Statistics}
}
