@article{Browne2006,
    author = {Browne, William J. and Draper, David},
    doi = {10.1214/06-BA117},
    issn = {19360975},
    journal = {Bayesian Analysis},
    number = {3},
    pages = {473--514},
    title = {{A comparison of Bayesian and likelihood-based methods for fitting multilevel models}},
    volume = {1},
    year = {2006}
}
@book{Giraud2021,
    doi = {10.1201/9781003158745},
    url = {https://doi.org/10.1201/9781003158745},
    year = {2021},
    month = aug,
    publisher = {Chapman and Hall/{CRC}},
    author = {Christophe Giraud},
    title = {Introduction to High-Dimensional Statistics}
}
