@book{Giraud2021,
    doi = {10.1201/9781003158745},
    url = {https://doi.org/10.1201/9781003158745},
    year = {2021},
    month = aug,
    publisher = {Chapman and Hall/{CRC}},
    author = {Christophe Giraud},
    title = {Introduction to High-Dimensional Statistics}
}
@misc{Jakkola97,
    author = {Jaakkola, Tommi S and Jordan, Michael I},
    title = {{A variational approach to Bayesian logistic regression models and their extensions}},
    year = {1996}
}
@article{Bai2020d,
    archivePrefix = {arXiv},
    arxivId = {1903.01979},
    author = {Bai, Ray and Moran, Gemma E. and Antonelli, Joseph L. and Chen, Yong and Boland, Mary R.},
    doi = {10.1080/01621459.2020.1765784},
    eprint = {1903.01979},
    issn = {1537274X},
    journal = {Journal of the American Statistical Association},
    keywords = {High-dimensional regression,Interaction detection,Maximum a posteriori estimation,Nonparametric regression,Spike-and-slab lasso,Variable selection},
    number = {0},
    pages = {1--41},
    publisher = {Taylor {\&} Francis},
    title = {{Spike-and-Slab Group Lassos for Grouped Regression and Sparse Generalized Additive Models}},
    url = {https://doi.org/10.1080/01621459.2020.1765784},
    volume = {0},
    year = {2020}
}
