@article{Browne2006,
    author = {Browne, William J. and Draper, David},
    doi = {10.1214/06-BA117},
    issn = {19360975},
    journal = {Bayesian Analysis},
    number = {3},
    pages = {473--514},
    title = {{A comparison of Bayesian and likelihood-based methods for fitting multilevel models}},
    volume = {1},
    year = {2006}
}
@book{Giraud2021,
    doi = {10.1201/9781003158745},
    url = {https://doi.org/10.1201/9781003158745},
    year = {2021},
    month = aug,
    publisher = {Chapman and Hall/{CRC}},
    author = {Christophe Giraud},
    title = {Introduction to High-Dimensional Statistics}
}
@mastersthesis{Seeger1999,
    author = {Seeger, Matthias},
    school = {University of Karlsruhe},
    title = {{Bayesian methods for support vector machines and Gaussian processes}},
    url = {http://people.mmci.uni-saarland.de/{~}mseeger/papers/bayes-svm.pdf},
    year = {1999}
}
@article{Opper2009,
    author = {Opper, Manfred and Archambeau, CÃ©dric},
    title = "{The Variational Gaussian Approximation Revisited}",
    journal = {Neural Computation},
    volume = {21},
    number = {3},
    pages = {786-792},
    year = {2009},
    month = {03},
    issn = {0899-7667},
    doi = {10.1162/neco.2008.08-07-592},
    url = {https://doi.org/10.1162/neco.2008.08-07-592},
    eprint = {https://direct.mit.edu/neco/article-pdf/21/3/786/820223/neco.2008.08-07-592.pdf},
}
@article{Depraetere2017a,
    author = {Depraetere, Nicolas and Vandebroek, Martina},
    doi = {10.1007/s00180-015-0638-y},
    issn = {16139658},
    journal = {Computational Statistics},
    keywords = {Bayesian statistics,Discrete choice,Variational Bayes},
    number = {1},
    pages = {93--125},
    publisher = {Springer Berlin Heidelberg},
    title = {{A comparison of variational approximations for fast inference in mixed logit models}},
    volume = {32},
    year = {2017}
}

